<record><leader>00000cas a2200000 a 4500</leader><controlfield tag="001">13239473</controlfield><controlfield tag="008">860305d19041905couwr ne      0    0eng d</controlfield><datafield ind1=" " ind2=" " tag="010"><subfield code="a">sn 86066889 </subfield></datafield><datafield ind1=" " ind2=" " tag="040"><subfield code="a">KSH</subfield><subfield code="b">eng</subfield><subfield code="c">KSH</subfield><subfield code="d">NPT</subfield><subfield code="d">CNQ</subfield><subfield code="d">OCL</subfield><subfield code="d">OCLCQ</subfield></datafield><datafield ind1=" " ind2=" " tag="042"><subfield code="a">msc</subfield></datafield><datafield ind1="0" ind2="0" tag="245"><subfield code="a">Gunnison news-champion and tribune.</subfield></datafield><datafield ind1=" " ind2=" " tag="260"><subfield code="a">Gunnison, Colo. :</subfield><subfield code="b">H.F. Lake, Jr.,</subfield><subfield code="c">1904-1905.</subfield></datafield><datafield ind1=" " ind2=" " tag="300"><subfield code="a">v.</subfield></datafield><datafield ind1=" " ind2=" " tag="310"><subfield code="a">Weekly</subfield></datafield><datafield ind1="0" ind2=" " tag="362"><subfield code="a">No. 29 (July 8, 1904)-no. 37 (Sept. 15, 1905).</subfield></datafield><datafield ind1=" " ind2=" " tag="530"><subfield code="a">Available on microfilm from the Colorado Historical Society.</subfield></datafield><datafield ind1=" " ind2=" " tag="752"><subfield code="a">United States</subfield><subfield code="b">Colorado</subfield><subfield code="c">Gunnison</subfield><subfield code="d">Gunnison.</subfield></datafield><datafield ind1="0" ind2="4" tag="780"><subfield code="t">Gunnison tribune</subfield><subfield code="w">(DLC)sn 86063369</subfield></datafield><datafield ind1="0" ind2="4" tag="780"><subfield code="t">Gunnison news-champion (Gunnison, Colo. : 1902)</subfield><subfield code="w">(DLC)sn 83045229</subfield></datafield><datafield ind1="0" ind2="0" tag="785"><subfield code="t">Gunnison news-champion (Gunnison, Colo. : 1905)</subfield><subfield code="w">(DLC)sn 90051570</subfield></datafield><datafield ind1="1" ind2=" " tag="029"><subfield code="a">AU@</subfield><subfield code="b">000022170641</subfield></datafield></record>